<?xml version="1.0" encoding="UTF-8"?><collection xmlns="http://www.loc.gov/MARC21/slim"><record><leader>00677nam--2200193-i-4500</leader><controlfield tag="001">000015616</controlfield><controlfield tag="002">20161230</controlfield><controlfield tag="005">20161230201031</controlfield><controlfield tag="008">060222s1000------------r-----000-0-eng-d</controlfield><datafield ind1=" " ind2=" " tag="020"><subfield code="a">9027721084</subfield></datafield><datafield ind1=" " ind2=" " tag="040"><subfield code="a">IFIN-HH</subfield></datafield><datafield ind1=" " ind2=" " tag="080"><subfield code="a">533.9:523.03:519.876.5(061.3)</subfield></datafield><datafield ind1="1" ind2=" " tag="100"><subfield code="a">Ashour-abdalla, Maha /S.A.</subfield></datafield><datafield ind1="1" ind2="0" tag="245"><subfield code="a">Space plasma simulations</subfield><subfield code="b">Proceedings of the second international school for space simulations, kappa, hawaii, february 4-15, 1985</subfield><subfield code="c">Maha ashour-abdalla, daryl ann dutton (eds.)</subfield></datafield><datafield ind1=" " ind2=" " tag="260"><subfield code="a">Dorderecht</subfield><subfield code="b">D. Riedel Publishing Company</subfield><subfield code="c">1985</subfield></datafield><datafield ind1=" " ind2=" " tag="300"><subfield code="a">VIII + 577 P</subfield></datafield><datafield ind1="1" ind2=" " tag="700"><subfield code="a">Dutton, Daryl Ann</subfield><subfield code="e">Ed</subfield></datafield><datafield ind1=" " ind2=" " tag="852"><subfield code="a">73178</subfield><subfield code="c">523</subfield></datafield><datafield ind1=" " ind2=" " tag="CAT"><subfield code="a">Sys</subfield><subfield code="c">20141208</subfield><subfield code="h">125359</subfield></datafield></record></collection>